@inproceedings{mildenhall2020nerf,
  title={NeRF: Representing Scenes as Neural Radiance Fields for View Synthesis},
  author={Mildenhall, Ben and Srinivasan, Pratul P and Tancik, Matthew and Barron, Jonathan T and Ramamoorthi, Ravi and Ng, Ren},
  booktitle={European Conference on Computer Vision (ECCV)},
  year={2020}
}

@inproceedings{fridovich2023kplanes,
  title={K-Planes: Explicit Radiance Fields in Space, Time, and Appearance},
  author={Fridovich-Keil, Sara and Meanti, Giacomo and Warburg, Frederik Rahb√¶k and Recht, Benjamin and Kanazawa, Angjoo},
  booktitle={Conference on Computer Vision and Pattern Recognition (CVPR)},
  year={2023}
}

@inproceedings{chen2022tensorf,
  title={TensoRF: Tensorial Radiance Fields},
  author={Chen, Anpei and Xu, Zexiang and Geiger, Andreas and Yu, Jingyi and Su, Hao},
  booktitle={European Conference on Computer Vision (ECCV)},
  year={2022}
}

@article{kim2025grids,
  title={Grids Often Outperform Implicit Neural Representations},
  author={Kim, Namhoon and Fridovich-Keil, Sara},
  journal={arXiv preprint arXiv:2506.11139},
  year={2025}
}

@article{candes2009matrix,
  title={Exact Matrix Completion via Convex Optimization},
  author={Cand{\`e}s, Emmanuel J and Recht, Benjamin},
  journal={Communications of the ACM},
  volume={52},
  number={6},
  pages={87--95},
  year={2009}
}

@article{recht2011simpler,
  title={A Simpler Approach to Matrix Completion},
  author={Recht, Benjamin},
  journal={Journal of Machine Learning Research},
  volume={12},
  pages={3413--3430},
  year={2011}
}

@inproceedings{tancik2020fourier,
  title={Fourier Features Let Networks Learn High Frequency Functions in Low Dimensional Domains},
  author={Tancik, Matthew and Srinivasan, Pratul P and Mildenhall, Ben and Fridovich-Keil, Sara and Raghavan, Nithin and Singhal, Utkarsh and Ramamoorthi, Ravi and Barron, Jonathan T and Ng, Ren},
  booktitle={Advances in Neural Information Processing Systems (NeurIPS)},
  year={2020}
}

@inproceedings{sitzmann2020siren,
  title={Implicit Neural Representations with Periodic Activation Functions},
  author={Sitzmann, Vincent and Martel, Julien and Bergman, Alexander and Lindell, David and Wetzstein, Gordon},
  booktitle={Advances in Neural Information Processing Systems (NeurIPS)},
  year={2020}
}

@inproceedings{mueller2022instant,
  title={Instant Neural Graphics Primitives with a Multiresolution Hash Encoding},
  author={M{\"u}ller, Thomas and Evans, Alex and Schied, Christoph and Keller, Alex},
  booktitle={ACM Transactions on Graphics (SIGGRAPH)},
  year={2022}
}

@inproceedings{yu2022plenoxels,
  title={Plenoxels: Radiance Fields without Neural Networks},
  author={Yu, Alex and Fridovich-Keil, Sara and Tancik, Matthew and Chen, Qinhong and Recht, Benjamin and Kanazawa, Angjoo},
  booktitle={Conference on Computer Vision and Pattern Recognition (CVPR)},
  year={2022}
}

@inproceedings{kerbl2023gaussian,
  title={3D Gaussian Splatting for Real-Time Radiance Field Rendering},
  author={Kerbl, Bernhard and Kopanas, Georgios and Leimk{\"u}hler, Thomas and Drettakis, George},
  booktitle={ACM Transactions on Graphics (SIGGRAPH)},
  year={2023}
}

@article{shi2024inr,
  title={Implicit Neural Representations for Robust Joint Sparse-View CT Reconstruction},
  author={Shi, Jiayang and Zhu, Junyi and Pelt, Daniel M and Batenburg, K Joost and Blaschko, Matthew B},
  journal={Transactions on Machine Learning Research},
  year={2024}
}

@inproceedings{vyas2024strainer,
  title={Learning Transferable Features for Implicit Neural Representations},
  author={Vyas, Kushal and Humayun, Ahmed Imtiaz and Dashpute, Aniket and Baraniuk, Richard G and Veeraraghavan, Ashok and Balakrishnan, Guha},
  booktitle={Advances in Neural Information Processing Systems (NeurIPS)},
  year={2024}
}

@inproceedings{wang2025metricgrids,
  title={MetricGrids: Arbitrary Nonlinear Approximation with Elementary Metric Grids based Implicit Neural Representation},
  author={Wang, Shu and Gao, Yanbo and Li, Shuai and Lv, Chong and Cai, Xun and Li, Chuankun and Yuan, Hui and Zhang, Jinglin},
  booktitle={Conference on Computer Vision and Pattern Recognition (CVPR)},
  year={2025}
}