@article{tancik2020fourier,
  title={Fourier Features Let Networks Learn High Frequency Functions in Low Dimensional Domains},
  author={Tancik, Matthew and Srinivasan, Pratul P. and Mildenhall, Ben and Fridovich-Keil, Sara and Raghavan, Nithin and Singhal, Utkarsh and Ramamoorthi, Ravi and Barron, Jonathan T. and Ng, Ren},
  journal={NeurIPS},
  year={2020},
  url={https://arxiv.org/abs/2006.10739}
}

@article{sitzmann2020siren,
  title={Implicit Neural Representations with Periodic Activation Functions},
  author={Sitzmann, Vincent and Martel, Julien and Bergman, Alexander and Lindell, David and Wetzstein, Gordon},
  journal={NeurIPS},
  year={2020},
  url={https://arxiv.org/abs/2006.09661}
}

@article{mildenhall2020nerf,
  title={NeRF: Representing Scenes as Neural Radiance Fields for View Synthesis},
  author={Mildenhall, Ben and Srinivasan, Pratul P. and Tancik, Matthew and Barron, Jonathan T. and Ramamoorthi, Ravi and Ng, Ren},
  journal={ECCV},
  year={2020},
  url={https://arxiv.org/abs/2003.08934}
}

@article{chen2022tensorf,
  title={TensoRF: Tensorial Radiance Fields},
  author={Chen, Anpei and Xu, Zexiang and Geiger, Andreas and Yu, Jingyi and Su, Hao},
  journal={ECCV},
  year={2022},
  url={https://arxiv.org/abs/2203.09517}
}

@article{fridovich2023kplanes,
  title={K-Planes: Explicit Radiance Fields in Space, Time, and Appearance},
  author={Fridovich-Keil, Sara and Meanti, Giacomo and Warburg, Frederik Rahbæk and Recht, Benjamin and Kanazawa, Angjoo},
  journal={CVPR},
  year={2023},
  url={https://arxiv.org/abs/2301.10241}
}

@article{candes2009matrix,
  title={Exact Matrix Completion via Convex Optimization},
  author={Candès, Emmanuel J. and Recht, Benjamin},
  journal={Communications of the ACM},
  year={2009},
  url={https://arxiv.org/abs/0903.1476}
}

@article{recht2011simpler,
  title={A Simpler Approach to Matrix Completion},
  author={Recht, Benjamin},
  journal={Journal of Machine Learning Research},
  volume={12},
  pages={3413--3430},
  year={2011},
  url={https://jmlr.org/papers/v12/recht11a.html}
}

@article{shi2024inr,
  title={Implicit Neural Representations for Robust Joint Sparse-View CT Reconstruction},
  author={Shi, Jiayang and Zhu, Junyi and Pelt, Daniel M. and Batenburg, K. Joost and Blaschko, Matthew B.},
  journal={Transactions on Machine Learning Research},
  year={2024},
  url={https://arxiv.org/abs/2405.02509}
}

@article{zhang2025lorein,
  title={Low-Rank Augmented Implicit Neural Representation for Unsupervised High-Dimensional Quantitative MRI Reconstruction},
  author={Zhang, Haonan and Lao, Guoyan and Zhang, Yuyao and Wei, Hongjiang},
  journal={arXiv preprint},
  year={2025},
  url={https://arxiv.org/abs/2506.09100}
}

@article{li2025imputeinr,
  title={ImputeINR: Time Series Imputation via Implicit Neural Representations for Disease Diagnosis with Missing Data},
  author={Li, Mengxuan and Liu, Ke and Guo, Jialong and Bu, Jiajun and Wang, Hongwei and Wang, Haishuai},
  journal={IJCAI},
  year={2025},
  url={https://arxiv.org/abs/2505.10856}
}

@article{sivgin2024gaplanes,
  title={Geometric Algebra Planes: Convex Implicit Neural Volumes},
  author={Sivgin, Irmak and Fridovich-Keil, Sara and Wetzstein, Gordon and Pilanci, Mert},
  journal={arXiv preprint},
  year={2024},
  url={https://arxiv.org/abs/2411.13525}
}

@article{li2025mgir,
  title={Mixed-granularity Implicit Representation for Continuous Hyperspectral Compressive Reconstruction},
  author={Li, Jianan and Chen, Huan and Zhao, Wangcai and Chen, Rui and Xu, Tingfa},
  journal={IEEE Transactions on Neural Networks and Learning Systems},
  year={2025},
  url={https://arxiv.org/abs/2503.12783}
}

@article{rao2025cristal,
  title={Implicit Neural Representation-Based MRI Reconstruction Method with Sensitivity Map Constraints},
  author={Rao, Lixuan and Zhang, Xinlin and Huang, Yiman and Tan, Tao and Tong, Tong},
  journal={arXiv preprint},
  year={2025},
  url={https://arxiv.org/abs/2506.06043}
}

@article{cheng2025lowrank,
  title={Low-Rank Implicit Neural Representation via Schatten-p Quasi-Norm and Jacobian Regularization},
  author={Cheng, Zhengyun and Wang, Changhao and Zhang, Guanwen and Xu, Yi and Zhou, Wei and Ji, Xiangyang},
  journal={Submitted to IEEE TCSVT},
  year={2025},
  url={https://arxiv.org/abs/2506.22134}
}

@article{han2023nrff,
  title={Multiscale Tensor Decomposition and Rendering Equation Encoding for View Synthesis},
  author={Han, Kang and Xiang, Wei},
  journal={Conference proceedings},
  year={2023},
  url={https://arxiv.org/abs/2303.03808}
}

@article{muller2022instant,
  title={Instant Neural Graphics Primitives with a Multiresolution Hash Encoding},
  author={M\"uller, Thomas and Evans, Alex and Schied, Christoph and Keller, Alexander},
  journal={ACM Transactions on Graphics (ToG)},
  volume={41},
  number={4},
  pages={1--15},
  year={2022}
}

@article{martin2001database,
  title={A database of human segmented natural images and its application to evaluating segmentation algorithms and measuring ecological statistics},
  author={Martin, David and Fowlkes, Charless and Tal, Doron and Malik, Jitendra},
  journal={Proceedings eighth IEEE international conference on computer vision},
  volume={2},
  pages={416--423},
  year={2001}
}

@article{barron2021mipnerf,
  title={Mip-NeRF: A multiscale representation for anti-aliasing neural radiance fields},
  author={Barron, Jonathan T and Mildenhall, Ben and Tancik, Matthew and Hedman, Peter and Martin-Brualla, Ricardo and Srinivasan, Pratul P},
  journal={Proceedings of the IEEE/CVF International Conference on Computer Vision},
  pages={5855--5864},
  year={2021}
}

@article{yu2021pixelnerf,
  title={PixelNeRF: Neural radiance fields from one or few images},
  author={Yu, Alex and Ye, Vickie and Tancik, Matthew and Kanazawa, Angjoo},
  journal={Proceedings of the IEEE/CVF Conference on Computer Vision and Pattern Recognition},
  pages={4578--4587},
  year={2021}
}

@article{reizenstein2021common,
  title={Common objects in 3D: Large-scale learning and evaluation of real-life 3D category reconstruction},
  author={Reizenstein, Jeremy and Shapovalov, Roman and Henzler, Philipp and Sbordone, Luca and Labatut, Patrick and Novotny, David},
  journal={Proceedings of the IEEE/CVF International Conference on Computer Vision},
  pages={10901--10911},
  year={2021}
}

@article{dupont2021coin,
  title={COIN: COmpression with Implicit Neural representations},
  author={Dupont, Emilien and Goli\'{n}ski, Adam and Alizadeh, Milad and Teh, Yee Whye and Doucet, Arnaud},
  journal={arXiv preprint arXiv:2103.03123},
  year={2021}
}

@article{strumpler2022implicit,
  title={Implicit neural representations for image compression},
  author={Str\"{u}mpler, Yannick and Postels, Janis and Yang, Ren and Van Gool, Luc and Tombari, Federico},
  journal={European conference on computer vision},
  pages={74--91},
  year={2022}
}