@inproceedings{mildenhall2020nerf,
  title={NeRF: Representing scenes as neural radiance fields for view synthesis},
  author={Mildenhall, Ben and Srinivasan, Pratul P and Tancik, Matthew and Barron, Jonathan T and Ramamoorthi, Ravi and Ng, Ren},
  booktitle={European Conference on Computer Vision},
  pages={405--421},
  year={2020},
  organization={Springer}
}

@inproceedings{fridovich2023kplanes,
  title={K-planes: Explicit radiance fields in space, time, and appearance},
  author={Fridovich-Keil, Sara and Meanti, Giacomo and Warburg, Frederik Rahb{\ae}k and Recht, Benjamin and Kanazawa, Angjoo},
  booktitle={Proceedings of the IEEE/CVF Conference on Computer Vision and Pattern Recognition},
  pages={12479--12488},
  year={2023}
}

@inproceedings{chen2022tensorf,
  title={TensoRF: Tensorial radiance fields},
  author={Chen, Anpei and Xu, Zexiang and Geiger, Andreas and Yu, Jingyi and Su, Hao},
  booktitle={European Conference on Computer Vision},
  pages={333--350},
  year={2022},
  organization={Springer}
}

@article{sivgin2024gaplanes,
  title={Geometric algebra planes: Convex implicit neural volumes},
  author={Sivgin, Irmak and Fridovich-Keil, Sara and Wetzstein, Gordon and Pilanci, Mert},
  journal={arXiv preprint arXiv:2411.13525},
  year={2024}
}

@inproceedings{tancik2020fourier,
  title={Fourier features let networks learn high frequency functions in low dimensional domains},
  author={Tancik, Matthew and Srinivasan, Pratul P and Mildenhall, Ben and Fridovich-Keil, Sara and Raghavan, Nithin and Singhal, Utkarsh and Ramamoorthi, Ravi and Barron, Jonathan T and Ng, Ren},
  booktitle={Advances in Neural Information Processing Systems},
  volume={33},
  pages={7537--7547},
  year={2020}
}

@inproceedings{sitzmann2020siren,
  title={Implicit neural representations with periodic activation functions},
  author={Sitzmann, Vincent and Martel, Julien and Bergman, Alexander and Lindell, David and Wetzstein, Gordon},
  booktitle={Advances in Neural Information Processing Systems},
  volume={33},
  pages={7462--7473},
  year={2020}
}

@article{candes2009matrix,
  title={Exact matrix completion via convex optimization},
  author={Cand{\`e}s, Emmanuel J and Recht, Benjamin},
  journal={Communications of the ACM},
  volume={52},
  number={6},
  pages={87--94},
  year={2009}
}

@article{recht2011simpler,
  title={A simpler approach to matrix completion},
  author={Recht, Benjamin},
  journal={Journal of Machine Learning Research},
  volume={12},
  pages={3413--3430},
  year={2011}
}

@article{zhang2025lorein,
  title={Low-rank augmented implicit neural representation for unsupervised high-dimensional quantitative MRI reconstruction},
  author={Zhang, Haonan and Lao, Guoyan and Zhang, Yuyao and Wei, Hongjiang},
  journal={arXiv preprint arXiv:2506.09100},
  year={2025}
}

@inproceedings{li2025imputeinr,
  title={ImputeINR: Time series imputation via implicit neural representations for disease diagnosis with missing data},
  author={Li, Mengxuan and Liu, Ke and Guo, Jialong and Bu, Jiajun and Wang, Hongwei and Wang, Haishuai},
  booktitle={Proceedings of the International Joint Conference on Artificial Intelligence},
  year={2025}
}

@article{shi2024inr,
  title={Implicit neural representations for robust joint sparse-view CT reconstruction},
  author={Shi, Jiayang and Zhu, Junyi and Pelt, Daniel M and Batenburg, K Joost and Blaschko, Matthew B},
  journal={Transactions on Machine Learning Research},
  year={2024}
}

@article{cheng2025lowrank,
  title={Low-rank implicit neural representation via schatten-p quasi-norm and jacobian regularization},
  author={Cheng, Zhengyun and Wang, Changhao and Zhang, Guanwen and Xu, Yi and Zhou, Wei and Ji, Xiangyang},
  journal={Submitted to IEEE TCSVT},
  year={2025}
}

@inproceedings{han2023nrff,
  title={Multiscale tensor decomposition and rendering equation encoding for view synthesis},
  author={Han, Kang and Xiang, Wei},
  booktitle={Conference proceedings},
  year={2023}
}

@article{li2025mgir,
  title={Mixed-granularity implicit representation for continuous hyperspectral compressive reconstruction},
  author={Li, Jianan and Chen, Huan and Zhao, Wangcai and Chen, Rui and Xu, Tingfa},
  journal={IEEE Transactions on Neural Networks and Learning Systems},
  year={2025}
}

@article{rao2025cristal,
  title={Implicit neural representation-based MRI reconstruction method with sensitivity map constraints},
  author={Rao, Lixuan and Zhang, Xinlin and Huang, Yiman and Tan, Tao and Tong, Tong},
  journal={arXiv preprint arXiv:2506.06043},
  year={2025}
}